<record xmlns="http://www.loc.gov/MARC21/slim">
   <leader>01234nam a2200337 i 4500</leader>
   <controlfield tag="001">6544133</controlfield>
   <controlfield tag="003">CaONFJC</controlfield>
   <controlfield tag="005">20140514151553.0</controlfield>
   <controlfield tag="008">131027t20152015maua          001 0 eng d</controlfield>
   <datafield ind1=" " ind2=" " tag="010">
      <subfield code="a">  2013955970</subfield>
   </datafield>
   <datafield ind1=" " ind2=" " tag="020">
      <subfield code="a">9781305089228</subfield>
   </datafield>
   <datafield ind1=" " ind2=" " tag="020">
      <subfield code="a">1305089227</subfield>
   </datafield>
   <datafield ind1=" " ind2=" " tag="035">
      <subfield code="a">ocn861677394</subfield>
   </datafield>
   <datafield ind1=" " ind2=" " tag="039">
      <subfield code="a">exclude</subfield>
   </datafield>
   <datafield ind1=" " ind2=" " tag="040">
      <subfield code="a">BTCTA</subfield>
      <subfield code="b">eng</subfield>
      <subfield code="e">rda</subfield>
      <subfield code="c">BTCTA</subfield>
      <subfield code="d">YDXCP</subfield>
      <subfield code="d">CLE</subfield>
      <subfield code="d">CaONFJC</subfield>
      <subfield code="d">AEGMCT</subfield>
   </datafield>
   <datafield ind1=" " ind2="4" tag="050">
      <subfield code="a">ML3790</subfield>
      <subfield code="b">.J27 2015</subfield>
   </datafield>
   <datafield ind1=" " ind2=" " tag="090">
      <subfield code="a">ML3790 .J27 2015</subfield>
      <subfield code="b">AEGMCT</subfield>
   </datafield>
   <datafield ind1="1" ind2=" " tag="100">
      <subfield code="a">Jackson, Brian M.,</subfield>
      <subfield code="e">author.</subfield>
   </datafield>
   <datafield ind1="1" ind2="4" tag="245">
      <subfield code="a">The music producer's survival stories :</subfield>
      <subfield code="b">interviews with veteran, independent, and electronic music professionals /</subfield>
      <subfield code="c">Brian M. Jackson.</subfield>
   </datafield>
   <datafield ind1=" " ind2="1" tag="264">
      <subfield code="a">Boston, MA :</subfield>
      <subfield code="b">Cengage Learning PTR,</subfield>
      <subfield code="c">[2015]</subfield>
   </datafield>
   <datafield ind1=" " ind2="4" tag="264">
      <subfield code="c">©2015</subfield>
   </datafield>
   <datafield ind1=" " ind2=" " tag="300">
      <subfield code="a">xvi, 128 pages :</subfield>
      <subfield code="b">illustrations ;</subfield>
      <subfield code="c">28 cm</subfield>
   </datafield>
   <datafield ind1=" " ind2=" " tag="336">
      <subfield code="a">text</subfield>
      <subfield code="b">txt</subfield>
      <subfield code="2">rdacontent</subfield>
   </datafield>
   <datafield ind1=" " ind2=" " tag="337">
      <subfield code="a">unmediated</subfield>
      <subfield code="b">n</subfield>
      <subfield code="2">rdamedia</subfield>
   </datafield>
   <datafield ind1=" " ind2=" " tag="338">
      <subfield code="a">volume</subfield>
      <subfield code="b">nc</subfield>
      <subfield code="2">rdacarrier</subfield>
   </datafield>
   <datafield ind1=" " ind2=" " tag="500">
      <subfield code="a">Includes index.</subfield>
   </datafield>
   <datafield ind1=" " ind2=" " tag="596">
      <subfield code="a">56</subfield>
   </datafield>
   <datafield ind1=" " ind2="0" tag="650">
      <subfield code="a">Sound recordings</subfield>
      <subfield code="x">Production and direction.</subfield>
   </datafield>
   <datafield ind1=" " ind2="0" tag="650">
      <subfield code="a">Sound</subfield>
      <subfield code="x">Recording and reproducing.</subfield>
   </datafield>
   <datafield ind1=" " ind2=" " tag="949">
      <subfield code="a">ML3790 .J27 2015</subfield>
      <subfield code="h">GMCA-OS-B</subfield>
      <subfield code="i">1007533803</subfield>
      <subfield code="p">30.64</subfield>
      <subfield code="k">AVAIL_SOON</subfield>
   </datafield>
   <datafield ind1=" " ind2=" " tag="926">
      <subfield code="a">ML3790 .J27 2015</subfield>
      <subfield code="w">LC</subfield>
      <subfield code="c">1</subfield>
      <subfield code="i">1007533803</subfield>
      <subfield code="d">8/20/2014</subfield>
      <subfield code="l">ON_SHELF</subfield>
      <subfield code="m">GR_MAC_CAC</subfield>
      <subfield code="p">$30.64</subfield>
      <subfield code="r">Y</subfield>
      <subfield code="s">Y</subfield>
      <subfield code="t">BOOK</subfield>
      <subfield code="u">5/29/2014</subfield>
   </datafield>
</record>
